<?xml version="1.0" encoding="UTF-8"?><collection xmlns="http://www.loc.gov/MARC21/slim"><record><leader>00368nam--2200133-i-4500</leader><controlfield tag="001">000046754</controlfield><controlfield tag="002">20161230</controlfield><controlfield tag="005">20161230201046</controlfield><controlfield tag="008">060222s1000------------r-----000-0-eng-d</controlfield><datafield ind1=" " ind2=" " tag="080"><subfield code="a">537.12</subfield></datafield><datafield ind1=" " ind2=" " tag="100"><subfield code="a">Wainrib, E.A.Und Miljutin, W.I</subfield></datafield><datafield ind1=" " ind2=" " tag="245"><subfield code="a">Elektronenoptik. /ubersetzt von russisch von kiril keller</subfield></datafield><datafield ind1=" " ind2=" " tag="260"><subfield code="a">Berlin, Veb Verlag Technik, 954, 182p</subfield></datafield><datafield ind1=" " ind2=" " tag="852"><subfield code="a">3686</subfield></datafield></record></collection>